<record><leader>00000cas a22000007a 4500</leader><controlfield tag="001">10342797</controlfield><controlfield tag="008">840126d18741877txudn ne      0    0ger d</controlfield><datafield ind1=" " ind2=" " tag="010"><subfield code="a">sn 84022291 </subfield></datafield><datafield ind1=" " ind2=" " tag="040"><subfield code="a">NPX</subfield><subfield code="b">eng</subfield><subfield code="c">NPX</subfield><subfield code="d">PPM</subfield><subfield code="d">OCLCQ</subfield><subfield code="d">OCLCF</subfield><subfield code="d">OCLCO</subfield></datafield><datafield ind1="1" ind2=" " tag="029"><subfield code="a">AU@</subfield><subfield code="b">000020410371</subfield></datafield><datafield ind1=" " ind2=" " tag="042"><subfield code="a">msc</subfield></datafield><datafield ind1=" " ind2=" " tag="043"><subfield code="a">n-us-tx</subfield></datafield><datafield ind1="0" ind2="0" tag="245"><subfield code="a">Ta&#776;gliche Texas post.</subfield></datafield><datafield ind1="3" ind2=" " tag="246"><subfield code="a">Ta&#776;gliche und wo&#776;chentliche Texas post</subfield></datafield><datafield ind1=" " ind2=" " tag="260"><subfield code="a">Galveston, Tex. :</subfield><subfield code="b">Dietzel &amp; Co.</subfield></datafield><datafield ind1=" " ind2=" " tag="300"><subfield code="a">v.</subfield></datafield><datafield ind1=" " ind2=" " tag="310"><subfield code="a">Daily (except Sun.)</subfield></datafield><datafield ind1="1" ind2=" " tag="362"><subfield code="a">Began in 1874; ceased in 1877.</subfield></datafield><datafield ind1=" " ind2=" " tag="500"><subfield code="a">Published as Ta&#776;gliche und wo&#776;chentliche Texas post June 14-July 5, 1877.</subfield></datafield><datafield ind1=" " ind2=" " tag="546"><subfield code="a">In German.</subfield></datafield><datafield ind1=" " ind2=" " tag="588"><subfield code="a">Description based on: Jahrg. 5, Nr. 1 (Sept. 1, 1874).</subfield></datafield><datafield ind1=" " ind2="0" tag="650"><subfield code="a">Germans</subfield><subfield code="z">Texas</subfield><subfield code="v">Newspapers.</subfield></datafield><datafield ind1=" " ind2="7" tag="655"><subfield code="a">Newspapers.</subfield><subfield code="2">fast</subfield><subfield code="0">(OCoLC)fst01423814</subfield></datafield><datafield ind1=" " ind2="7" tag="650"><subfield code="a">Germans.</subfield><subfield code="2">fast</subfield><subfield code="0">(OCoLC)fst00942100</subfield></datafield><datafield ind1=" " ind2="7" tag="651"><subfield code="a">Texas.</subfield><subfield code="2">fast</subfield><subfield code="0">(OCoLC)fst01210336</subfield></datafield><datafield ind1=" " ind2=" " tag="752"><subfield code="a">United States</subfield><subfield code="b">Texas</subfield><subfield code="c">Galveston</subfield><subfield code="d">Galveston.</subfield></datafield><datafield ind1="1" ind2=" " tag="775"><subfield code="t">Wo&#776;chentliche Texas post</subfield><subfield code="w">(DLC)sn 84022292</subfield></datafield><datafield ind1="1" ind2=" " tag="775"><subfield code="t">Sonntagsblatt der Texas post</subfield><subfield code="w">(OCoLC)14366469</subfield></datafield><datafield ind1="1" ind2=" " tag="775"><subfield code="t">Driemalwochentliche Texas post</subfield><subfield code="w">(DLC)sn 85033353</subfield></datafield><datafield ind1="0" ind2="0" tag="785"><subfield code="t">Texas post (Galveston, Tex.)</subfield><subfield code="w">(DLC)sn 87090156</subfield></datafield></record>